@techreport{wolpert1995no,
  title={No free lunch theorems for search},
  author={Wolpert, David H and Macready, William G and others},
  year={1995},
  institution={Technical Report SFI-TR-95-02-010, Santa Fe Institute}
}

@article{glover1986future,
  title={Future paths for integer programming and links to artificial intelligence},
  author={Glover, Fred},
  journal={Computers operations research},
  volume={13},
  number={5},
  pages={533--549},
  year={1986}
}